<?xml version="1.0" encoding="UTF-8"?>
  <record xmlns="http://www.loc.gov/MARC21/slim" type="Authority">
    <leader>00000nz  a2200000nc 4500</leader>
    <controlfield tag="001">121002500</controlfield>
    <controlfield tag="003">DE-101</controlfield>
    <controlfield tag="005">20191108152742.0</controlfield>
    <controlfield tag="008">990415n||aznnnaabn           | aaa    |c</controlfield>
    <datafield tag="024" ind1="7" ind2=" ">
      <subfield code="a">121002500</subfield>
      <subfield code="0">http://d-nb.info/gnd/121002500</subfield>
      <subfield code="2">gnd</subfield>
    </datafield>
    <datafield tag="035" ind1=" " ind2=" ">
      <subfield code="a">(DE-101)121002500</subfield>
    </datafield>
    <datafield tag="035" ind1=" " ind2=" ">
      <subfield code="a">(DE-588)121002500</subfield>
    </datafield>
    <datafield tag="035" ind1=" " ind2=" ">
      <subfield code="z">(DE-588a)121002500</subfield>
      <subfield code="9">v:zg</subfield>
    </datafield>
    <datafield tag="040" ind1=" " ind2=" ">
      <subfield code="a">DE-12</subfield>
      <subfield code="c">DE-12</subfield>
      <subfield code="9">r:DE-12</subfield>
      <subfield code="b">ger</subfield>
      <subfield code="d">0547</subfield>
    </datafield>
    <datafield tag="042" ind1=" " ind2=" ">
      <subfield code="a">gnd1</subfield>
    </datafield>
    <datafield tag="043" ind1=" " ind2=" ">
      <subfield code="c">XA-DE</subfield>
    </datafield>
    <datafield tag="075" ind1=" " ind2=" ">
      <subfield code="b">p</subfield>
      <subfield code="2">gndgen</subfield>
    </datafield>
    <datafield tag="075" ind1=" " ind2=" ">
      <subfield code="b">piz</subfield>
      <subfield code="2">gndspec</subfield>
    </datafield>
    <datafield tag="079" ind1=" " ind2=" ">
      <subfield code="a">g</subfield>
      <subfield code="q">a</subfield>
      <subfield code="q">f</subfield>
      <subfield code="u">v</subfield>
    </datafield>
    <datafield tag="100" ind1="0" ind2=" ">
      <subfield code="a">Maria Elisabeth</subfield>
      <subfield code="c">Sachsen-Coburg, Herzogin</subfield>
      <subfield code="d">1638-1687</subfield>
    </datafield>
    <datafield tag="400" ind1="0" ind2=" ">
      <subfield code="a">Marie Elisabeth</subfield>
      <subfield code="c">Sachsen-Coburg, Herzogin</subfield>
      <subfield code="d">1638-1687</subfield>
    </datafield>
    <datafield tag="400" ind1="0" ind2=" ">
      <subfield code="a">Maria Elisabeth</subfield>
      <subfield code="c">Sachsen-Eisenach, Herzogin</subfield>
      <subfield code="d">1638-1687</subfield>
      <subfield code="4">nafr</subfield>
      <subfield code="4">https://d-nb.info/standards/elementset/gnd#EarlierNameOfThePerson</subfield>
      <subfield code="w">r</subfield>
      <subfield code="i">Frueherer Name</subfield>
      <subfield code="e">Frueherer Name</subfield>
    </datafield>
    <datafield tag="400" ind1="0" ind2=" ">
      <subfield code="a">Marie Elisabeth</subfield>
      <subfield code="c">Sachsen-Eisenach, Herzogin</subfield>
      <subfield code="d">1638-1687</subfield>
      <subfield code="4">nafr</subfield>
      <subfield code="4">https://d-nb.info/standards/elementset/gnd#EarlierNameOfThePerson</subfield>
      <subfield code="w">r</subfield>
      <subfield code="i">Frueherer Name</subfield>
      <subfield code="e">Frueherer Name</subfield>
    </datafield>
    <datafield tag="400" ind1="0" ind2=" ">
      <subfield code="a">Maria Elisabeth</subfield>
      <subfield code="c">Braunschweig-Wolfenbüttel, Prinzessin</subfield>
      <subfield code="d">1638-1687</subfield>
      <subfield code="4">nafr</subfield>
      <subfield code="4">https://d-nb.info/standards/elementset/gnd#EarlierNameOfThePerson</subfield>
      <subfield code="w">r</subfield>
      <subfield code="i">Frueherer Name</subfield>
      <subfield code="e">Frueherer Name</subfield>
    </datafield>
    <datafield tag="400" ind1="0" ind2=" ">
      <subfield code="a">Maria Elisabeth</subfield>
      <subfield code="c">Braunschweig-Wolfenbüttel, Herzogin</subfield>
      <subfield code="d">1638-1687</subfield>
      <subfield code="4">nafr</subfield>
      <subfield code="4">https://d-nb.info/standards/elementset/gnd#EarlierNameOfThePerson</subfield>
      <subfield code="w">r</subfield>
      <subfield code="i">Frueherer Name</subfield>
      <subfield code="e">Frueherer Name</subfield>
    </datafield>
    <datafield tag="400" ind1="0" ind2=" ">
      <subfield code="a">Maria Elisabeth</subfield>
      <subfield code="c">Sachsen, Herzogin, 1638-1687</subfield>
      <subfield code="d">1638-1687</subfield>
    </datafield>
    <datafield tag="400" ind1="0" ind2=" ">
      <subfield code="a">Marie Elisabeth</subfield>
      <subfield code="c">Sachsen, Herzogin, 1638-1687</subfield>
      <subfield code="d">1638-1687</subfield>
    </datafield>
    <datafield tag="400" ind1="0" ind2=" ">
      <subfield code="a">Maria Elisabeth</subfield>
      <subfield code="c">Braunschweig-Lüneburg, Herzogin</subfield>
      <subfield code="d">1638-1687</subfield>
      <subfield code="4">nafr</subfield>
      <subfield code="4">https://d-nb.info/standards/elementset/gnd#EarlierNameOfThePerson</subfield>
      <subfield code="w">r</subfield>
      <subfield code="i">Frueherer Name</subfield>
      <subfield code="e">Frueherer Name</subfield>
    </datafield>
    <datafield tag="400" ind1="0" ind2=" ">
      <subfield code="a">Marie Elisabeth</subfield>
      <subfield code="c">Braunschweig-Lüneburg, Herzogin</subfield>
      <subfield code="d">1638-1687</subfield>
    </datafield>
    <datafield tag="400" ind1="0" ind2=" ">
      <subfield code="a">Marie Elisabeth</subfield>
      <subfield code="c">Braunschweig-Wolfenbüttel, Herzogin</subfield>
      <subfield code="d">1638-1687</subfield>
    </datafield>
    <datafield tag="400" ind1="0" ind2=" ">
      <subfield code="a">Maria Elisabetha</subfield>
      <subfield code="c">Braunschweig-Lüneburg, Herzogin</subfield>
      <subfield code="d">1638-1687</subfield>
    </datafield>
    <datafield tag="400" ind1="0" ind2=" ">
      <subfield code="a">Maria Elisabeth</subfield>
      <subfield code="c">Sachsen-Jülich-Cleve-Berg, Herzogin</subfield>
      <subfield code="d">1638-1687</subfield>
    </datafield>
    <datafield tag="400" ind1="0" ind2=" ">
      <subfield code="a">Maria Elisabeth</subfield>
      <subfield code="c">Sachsen-Jülich-Kleve-Berg, Herzogin</subfield>
      <subfield code="d">1638-1687</subfield>
    </datafield>
    <datafield tag="400" ind1="0" ind2=" ">
      <subfield code="a">Marie Elisabeth</subfield>
      <subfield code="c">Sachsen-Jülich-Cleve-Berg, Herzogin</subfield>
      <subfield code="d">1638-1687</subfield>
    </datafield>
    <datafield tag="400" ind1="0" ind2=" ">
      <subfield code="a">Marie Elisabeth</subfield>
      <subfield code="c">Sachsen-Jülich-Kleve-Berg, Herzogin</subfield>
      <subfield code="d">1638-1687</subfield>
    </datafield>
    <datafield tag="400" ind1="0" ind2=" ">
      <subfield code="a">Marilis</subfield>
      <subfield code="d">1638-1687</subfield>
    </datafield>
    <datafield tag="500" ind1="0" ind2=" ">
      <subfield code="0">(DE-101)118505076</subfield>
      <subfield code="0">(DE-588)118505076</subfield>
      <subfield code="0">https://d-nb.info/gnd/118505076</subfield>
      <subfield code="a">August</subfield>
      <subfield code="c">Braunschweig-Lüneburg, Herzog, 1579-1666</subfield>
      <subfield code="d">1579-1666</subfield>
      <subfield code="4">bezf</subfield>
      <subfield code="4">https://d-nb.info/standards/elementset/gnd#familialRelationship</subfield>
      <subfield code="w">r</subfield>
      <subfield code="i">Beziehung familiaer</subfield>
      <subfield code="e">Beziehung familiaer</subfield>
      <subfield code="9">v:Vater</subfield>
    </datafield>
    <datafield tag="500" ind1="0" ind2=" ">
      <subfield code="0">(DE-101)119057379</subfield>
      <subfield code="0">(DE-588)119057379</subfield>
      <subfield code="0">https://d-nb.info/gnd/119057379</subfield>
      <subfield code="a">Sophie Elisabeth</subfield>
      <subfield code="c">Braunschweig-Lüneburg, Herzogin</subfield>
      <subfield code="d">1613-1676</subfield>
      <subfield code="4">bezf</subfield>
      <subfield code="4">https://d-nb.info/standards/elementset/gnd#familialRelationship</subfield>
      <subfield code="w">r</subfield>
      <subfield code="i">Beziehung familiaer</subfield>
      <subfield code="e">Beziehung familiaer</subfield>
      <subfield code="9">v:Mutter</subfield>
    </datafield>
    <datafield tag="500" ind1="0" ind2=" ">
      <subfield code="0">(DE-101)102322376</subfield>
      <subfield code="0">(DE-588)102322376</subfield>
      <subfield code="0">https://d-nb.info/gnd/102322376</subfield>
      <subfield code="a">Adolf Wilhelm</subfield>
      <subfield code="c">Sachsen-Eisenach, Herzog</subfield>
      <subfield code="d">1632-1668</subfield>
      <subfield code="4">bezf</subfield>
      <subfield code="4">https://d-nb.info/standards/elementset/gnd#familialRelationship</subfield>
      <subfield code="w">r</subfield>
      <subfield code="i">Beziehung familiaer</subfield>
      <subfield code="e">Beziehung familiaer</subfield>
      <subfield code="9">v:1. Ehemann</subfield>
    </datafield>
    <datafield tag="500" ind1="0" ind2=" ">
      <subfield code="0">(DE-101)117760846</subfield>
      <subfield code="0">(DE-588)117760846</subfield>
      <subfield code="0">https://d-nb.info/gnd/117760846</subfield>
      <subfield code="a">Albrecht</subfield>
      <subfield code="c">Sachsen-Coburg, Herzog</subfield>
      <subfield code="d">1648-1699</subfield>
      <subfield code="4">bezf</subfield>
      <subfield code="4">https://d-nb.info/standards/elementset/gnd#familialRelationship</subfield>
      <subfield code="w">r</subfield>
      <subfield code="i">Beziehung familiaer</subfield>
      <subfield code="e">Beziehung familiaer</subfield>
      <subfield code="9">v:2. Ehemann</subfield>
    </datafield>
    <datafield tag="500" ind1="0" ind2=" ">
      <subfield code="0">(DE-101)120063212</subfield>
      <subfield code="0">(DE-588)120063212</subfield>
      <subfield code="0">https://d-nb.info/gnd/120063212</subfield>
      <subfield code="a">Karl August</subfield>
      <subfield code="c">Sachsen-Eisenach, Herzog</subfield>
      <subfield code="d">1664-1665</subfield>
      <subfield code="4">bezf</subfield>
      <subfield code="4">https://d-nb.info/standards/elementset/gnd#familialRelationship</subfield>
      <subfield code="w">r</subfield>
      <subfield code="i">Beziehung familiaer</subfield>
      <subfield code="e">Beziehung familiaer</subfield>
      <subfield code="9">v:Sohn</subfield>
    </datafield>
    <datafield tag="500" ind1="0" ind2=" ">
      <subfield code="0">(DE-101)120671743</subfield>
      <subfield code="0">(DE-588)120671743</subfield>
      <subfield code="0">https://d-nb.info/gnd/120671743</subfield>
      <subfield code="a">Wilhelm August</subfield>
      <subfield code="c">Sachsen-Eisenach, Herzog</subfield>
      <subfield code="d">1668-1671</subfield>
      <subfield code="4">bezf</subfield>
      <subfield code="4">https://d-nb.info/standards/elementset/gnd#familialRelationship</subfield>
      <subfield code="w">r</subfield>
      <subfield code="i">Beziehung familiaer</subfield>
      <subfield code="e">Beziehung familiaer</subfield>
      <subfield code="9">v:Sohn</subfield>
    </datafield>
    <datafield tag="500" ind1="0" ind2=" ">
      <subfield code="0">(DE-101)120812665</subfield>
      <subfield code="0">(DE-588)120812665</subfield>
      <subfield code="0">https://d-nb.info/gnd/120812665</subfield>
      <subfield code="a">Ernst August</subfield>
      <subfield code="c">Sachsen-Coburg, Herzog</subfield>
      <subfield code="d">1677-1678</subfield>
      <subfield code="4">bezf</subfield>
      <subfield code="4">https://d-nb.info/standards/elementset/gnd#familialRelationship</subfield>
      <subfield code="w">r</subfield>
      <subfield code="i">Beziehung familiaer</subfield>
      <subfield code="e">Beziehung familiaer</subfield>
      <subfield code="9">v:Sohn</subfield>
    </datafield>
    <datafield tag="500" ind1="0" ind2=" ">
      <subfield code="0">(DE-101)118503472</subfield>
      <subfield code="0">(DE-588)118503472</subfield>
      <subfield code="0">https://d-nb.info/gnd/118503472</subfield>
      <subfield code="a">Anton Ulrich</subfield>
      <subfield code="c">Braunschweig-Lüneburg, Herzog</subfield>
      <subfield code="d">1633-1714</subfield>
      <subfield code="4">bezf</subfield>
      <subfield code="4">https://d-nb.info/standards/elementset/gnd#familialRelationship</subfield>
      <subfield code="w">r</subfield>
      <subfield code="i">Beziehung familiaer</subfield>
      <subfield code="e">Beziehung familiaer</subfield>
      <subfield code="9">v:Bruder</subfield>
    </datafield>
    <datafield tag="500" ind1="0" ind2=" ">
      <subfield code="0">(DE-101)11883732X</subfield>
      <subfield code="0">(DE-588)11883732X</subfield>
      <subfield code="0">https://d-nb.info/gnd/11883732X</subfield>
      <subfield code="a">Ferdinand Albrecht</subfield>
      <subfield code="c">Braunschweig-Lüneburg, Herzog, 1636-1687</subfield>
      <subfield code="d">1636-1687</subfield>
      <subfield code="4">bezf</subfield>
      <subfield code="4">https://d-nb.info/standards/elementset/gnd#familialRelationship</subfield>
      <subfield code="w">r</subfield>
      <subfield code="i">Beziehung familiaer</subfield>
      <subfield code="e">Beziehung familiaer</subfield>
      <subfield code="9">v:Bruder</subfield>
    </datafield>
    <datafield tag="500" ind1="0" ind2=" ">
      <subfield code="0">(DE-101)130380512</subfield>
      <subfield code="0">(DE-588)130380512</subfield>
      <subfield code="0">https://d-nb.info/gnd/130380512</subfield>
      <subfield code="a">Christian Franz</subfield>
      <subfield code="c">Braunschweig-Lüneburg, Herzog</subfield>
      <subfield code="d">1639</subfield>
      <subfield code="4">bezf</subfield>
      <subfield code="4">https://d-nb.info/standards/elementset/gnd#familialRelationship</subfield>
      <subfield code="w">r</subfield>
      <subfield code="i">Beziehung familiaer</subfield>
      <subfield code="e">Beziehung familiaer</subfield>
      <subfield code="9">v:Bruder</subfield>
    </datafield>
    <datafield tag="500" ind1="0" ind2=" ">
      <subfield code="0">(DE-101)120040115</subfield>
      <subfield code="0">(DE-588)120040115</subfield>
      <subfield code="0">https://d-nb.info/gnd/120040115</subfield>
      <subfield code="a">Clara Augusta</subfield>
      <subfield code="c">Württemberg-Neuenstadt, Herzogin</subfield>
      <subfield code="d">1632-1700</subfield>
      <subfield code="4">bezf</subfield>
      <subfield code="4">https://d-nb.info/standards/elementset/gnd#familialRelationship</subfield>
      <subfield code="w">r</subfield>
      <subfield code="i">Beziehung familiaer</subfield>
      <subfield code="e">Beziehung familiaer</subfield>
      <subfield code="9">v:Schwester</subfield>
    </datafield>
    <datafield tag="548" ind1=" " ind2=" ">
      <subfield code="a">1638-1687</subfield>
      <subfield code="4">datl</subfield>
      <subfield code="4">https://d-nb.info/standards/elementset/gnd#dateOfBirthAndDeath</subfield>
      <subfield code="w">r</subfield>
      <subfield code="i">Lebensdaten</subfield>
    </datafield>
    <datafield tag="550" ind1=" " ind2=" ">
      <subfield code="0">(DE-101)040004643</subfield>
      <subfield code="0">(DE-588)4000464-8</subfield>
      <subfield code="0">https://d-nb.info/gnd/4000464-8</subfield>
      <subfield code="a">Adel</subfield>
      <subfield code="4">obin</subfield>
      <subfield code="4">https://d-nb.info/standards/elementset/gnd#broaderTermInstantial</subfield>
      <subfield code="w">r</subfield>
      <subfield code="i">Oberbegriff instantiell</subfield>
    </datafield>
    <datafield tag="667" ind1=" " ind2=" ">
      <subfield code="a">VD-17</subfield>
    </datafield>
    <datafield tag="670" ind1=" " ind2=" ">
      <subfield code="a">Europ. Stammtaf., 48</subfield>
    </datafield>
    <datafield tag="670" ind1=" " ind2=" ">
      <subfield code="a">Wikipedia</subfield>
      <subfield code="u">https://de.wikipedia.org/wiki/Marie_Elisabeth_von_Braunschweig-Wolfenb%C3%BCttel</subfield>
    </datafield>
    <datafield tag="670" ind1=" " ind2=" ">
      <subfield code="a">Die angenehme Schäfer- und Hirtenlust ... 1677: Albidor und Marilis sind als Albrecht, Herzog von Sachsen-Coburg, und Marie Elisabeth, Herzogin von Sachsen-Coburg, zu identifizieren (Anfangsbuchstaben, Geburtstag Herzog Albrechts)</subfield>
    </datafield>
    <datafield tag="678" ind1=" " ind2=" ">
      <subfield code="b">Tochter von Herzog August d.J. von Braunschweig-Lüneburg; 1663 Ehefrau von Herzog Adolf Wilhelm von Sachsen-Eisenach, 1676 von Herzog Albrecht von Sachsen-Coburg</subfield>
    </datafield>
    <datafield tag="913" ind1=" " ind2=" ">
      <subfield code="S">pnd</subfield>
      <subfield code="i">5</subfield>
      <subfield code="a">Maria Elisabeth &lt;Sachsen-Coburg, Herzogin&gt;</subfield>
      <subfield code="0">(DE-588a)121002500</subfield>
    </datafield>
  </record>
